@book{Antennas,
    author    = "Constantine A. Balanis",
    title     = "Antenna Theory: Analysis and Design",
    publisher = "Wiley",
    year      = "2016"
}

@book{Graficos,
    author    = "John F. Hughes and Andries van Dam and Others",
    title     = "Computer Graphics: Principles and Practice",
    publisher = "Addison-Wesley",
    year      = "2014"
}

@misc{Nvidia,
      author = "{Nvidia Corporation}",
      title = "{CUDA C Programmig Guide: Features and Technical Specifications [en línea]}",
      url = "https://docs.nvidia.com/cuda/cuda-c-programming-guide/index.html#features-and-technical-specifications",
      note = "{Dirección URL: <https://docs.nvidia.com/cuda/cuda-c-programming-guide/index.html#features-and-technical-specifications>. [Consulta: 25 de junio de 2021]}"
}

